@misc{Shirley2020RTW1,
   title = {Ray Tracing in One Weekend},
   author = {Peter Shirley},
   year = {2020},
   month = {July},
   url = {https://raytracing.github.io/books/RayTracingInOneWeekend.html}
}

@misc{Shirley2020RTW2,
   title = {Ray Tracing: The Next Week},
   author = {Peter Shirley},
   year = {2020},
   month = {July},
   url = {https://raytracing.github.io/books/RayTracingTheNextWeek.html}
}

@misc{Shirley2020RTW3,
   title = {Ray Tracing: The Rest of Your Life},
   author = {Peter Shirley},
   year = {2020},
   month = {July},
   url = {https://raytracing.github.io/books/RayTracingTheRestOfYourLife.html}
}

@book{SalmeronMorales,
	title = {Estadística Computacional},
	author = {Antonio Salmerón Cerdán, María Morales Giraldo},
	year = {2001}
}

@book{Tippett,
	title = {Random sampling numbers},
	author = {L.H.C Tippett},
	year = {1927}
}

@article{von195113,
  title={13. various techniques used in connection with random digits},
  author={Von Neumann, John},
  journal={Appl. Math Ser},
  volume={12},
  number={36-38},
  pages={5},
  year={1951}
}