@misc{Shirley2020RTW1,
   title = {Ray Tracing in One Weekend},
   author = {Peter Shirley},
   year = {2020},
   month = {July},
   url = {https://raytracing.github.io/books/RayTracingInOneWeekend.html}
}

@misc{Shirley2020RTW2,
   title = {Ray Tracing: The Next Week},
   author = {Peter Shirley},
   year = {2020},
   month = {July},
   url = {https://raytracing.github.io/books/RayTracingTheNextWeek.html}
}

@misc{Shirley2020RTW3,
   title = {Ray Tracing: The Rest of Your Life},
   author = {Peter Shirley},
   year = {2020},
   month = {July},
   url = {https://raytracing.github.io/books/RayTracingTheRestOfYourLife.html}
}

@book{SalmeronMorales,
	title = {Estadística Computacional},
	author = {Antonio Salmerón Cerdán, María Morales Giraldo},
	year = {2001}
}

@book{Tippett,
	title = {Random sampling numbers},
	author = {L.H.C Tippett},
	year = {1927}
}

@article{lehmer1951,
  title={Mathematical methods in large-scale computing units},
  author={Lehmer, Derrick H},
  journal={Annu. Comput. Lab. Harvard Univ.},
  volume={26},
  pages={141--146},
  year={1951}
}

@article{von195113,
  title={13. various techniques used in connection with random digits},
  author={Von Neumann, John},
  journal={Appl. Math Ser},
  volume={12},
  number={36-38},
  pages={5},
  year={1951}
}

@book{ore1988number,
  title={Number theory and its history},
  author={Ore, Oystein},
  year={1988},
  publisher={Courier Corporation},
  pages={280}
}

@article{zierler1969,
  title={On primitive trinomials (mod 2), II},
  author={Zierler, Neal and Brillhart, John},
  journal={Information and Control},
  volume={14},
  number={6},
  pages={566--569},
  year={1969},
  publisher={Academic Press}
}

@article{marsaglia1996diehard,
  title={DIEHARD: a battery of tests of randomness},
  author={Marsaglia, George},
  journal={http://stat. fsu. edu/geo},
  year={1996}
}

@book{gentle2006random,
  title={Random number generation and Monte Carlo methods},
  author={Gentle, James E},
  year={2006},
  publisher={Springer Science \& Business Media}
}

@misc{metropolisbeginning,
  title={Beginning of the Monte Carlo Method. 1987},
  author={Metropolis, N}
}

@misc{tukey1955million,
  title={A Million Random Digits with 100,000 Normal Deviates},
  author={Tukey, John W},
  year={1955},
  publisher={JSTOR}
}

@article{hull1962random,
  title={Random number generators},
  author={Hull, Thomas E and Dobell, Alan R},
  journal={SIAM review},
  volume={4},
  number={3},
  pages={230--254},
  year={1962},
  publisher={SIAM}
}

@book{kalos2009monte,
  title={Monte carlo methods},
  author={Kalos, Malvin H and Whitlock, Paula A},
  year={2009},
  publisher={John Wiley \& Sons}
}

@article{talagrand1987glivenko,
  title={The Glivenko-Cantelli problem},
  author={Talagrand, Michel},
  journal={The Annals of Probability},
  pages={837--870},
  year={1987},
  publisher={JSTOR}
}